
@article{semlink,
title={Renewing and Revising SemLink},
author={Claire Bonial and Kevin Stowe and Martha Palmer},
journal={ACL},
year={2014}
}


@article{propbank,
author={Martha Palmer and Daniel Gildea and Paul Kingsbury},
title={The Proposition Bank: An annotated corpus of semantic roles},
journal={Computational Linguistics},
year={2005}
}

@article{framenet,
author={Charles J Fillmore and Christoper R Johnson and Miriam R L Petruck},
title={Background to FrameNet},
journal={International Journal of Lexicography},
year={2002}
}

@article{vnet,
author={Karin Kipper and Anna Korhonen and Neville Ryant and Martha Palmer},
title={A large-scale classification of English verbs},
journal={Language Resources and Evaluation Journal},
year={2008}
}

@article{semafor,
author={D. Das and N. Schneider and D. Chen and N. A. Smith},
title={Probabilistic frame-semantic parsing},
journal={NAACL-HLT},
year={2010}
}

@article{illinoisSRL,
author={V. Punyakanok and D. Roth and W. Yih},
title={The Importance of Syntactic Parsing and Inference in Semantic Role Labeling},
journal={Computational Linguistics},
year={2008}
}

@article{,
author={},
title={},
journal={},
year={}
}

@article{,
author={},
title={},
journal={},
year={}
}
